% This file was created with JabRef 2.6.
% Encoding: UTF-8

@INPROCEEDINGS{abu2006multifaceted,
  author = {Abu Rajab, M. and Zarfoss, J. and Monrose, F. and Terzis, A.},
  title = {A multifaceted approach to understanding the botnet phenomenon},
  booktitle = {Proceedings of the 6th ACM SIGCOMM conference on Internet measurement},
  year = {2006},
  pages = {41--52},
  organization = {ACM}
}

@MISC{seti,
  author = {University of California},
  title = {SETI@Home},
  howpublished = {http://setiathome.berkeley.edu/},
  month = {June},
  year = {2011},
  owner = {moritz},
  timestamp = {2011.06.01}
}

@MISC{napster,
  author = {Napster Inc.},
  title = {Napster},
  howpublished = {http://www.napster.com},
  month = {June},
  year = {2011},
  owner = {moritz},
  timestamp = {2011.06.01}
}

@ARTICLE{schoder2005core,
  author = {Schoder, D. and Fischbach, K. and Schmitt, C.},
  title = {Core Concepts in Peer-to-Peer},
  journal = {Peer-to-peer computing: the evolution of a disruptive technology},
  year = {2005},
  pages = {1},
  publisher = {IGI Global}
}

@ARTICLE{schoof2007detecting,
  author = {Schoof, R. and Koning, R.},
  title = {Detecting peer-to-peer botnets},
  journal = {University of Amsterdam},
  year = {2007}
}

@ARTICLE{steggink2007detection,
  author = {Steggink, M. and Idziejczak, I.},
  title = {Detection of peer-to-peer botnets},
  journal = {University of Amsterdam, Netherlands},
  year = {2007},
  publisher = {Citeseer}
}

@INPROCEEDINGS{wang2009systematic,
  author = {Wang, P. and Wu, L. and Aslam, B. and Zou, C.C.},
  title = {A systematic study on peer-to-peer botnets},
  booktitle = {Computer Communications and Networks, 2009. ICCCN 2009. Proceedings
	of 18th Internatonal Conference on},
  year = {2009},
  pages = {1--8},
  organization = {IEEE}
}

@MISC{irc,
  title = {IRC - Protocol defintion},
  howpublished = {http://tools.ietf.org/html/rfc1459section-1},
  owner = {moritz},
  timestamp = {2011.06.01}
}

@comment{jabref-meta: selector_publisher:}

@comment{jabref-meta: selector_author:}

@comment{jabref-meta: selector_journal:}

@comment{jabref-meta: selector_keywords:}

